@book{haidt2013righteous,
  title={The Righteous Mind: Why Good People are Divided by Politics and Religion},
  author={Haidt, J.},
  isbn={9780307455772},
  url={https://books.google.com/books?id=U21BxGfm3RUC},
  year={2013},
  publisher={Vintage Books}
}
